<record><leader>00000cas a22000007a 4500</leader><controlfield tag="001">19000245</controlfield><controlfield tag="008">890110d19141916moudn ne      0    0eng d</controlfield><datafield ind1=" " ind2=" " tag="010"><subfield code="a">sn 89066179 </subfield></datafield><datafield ind1=" " ind2=" " tag="040"><subfield code="a">MQN</subfield><subfield code="b">eng</subfield><subfield code="c">MQN</subfield><subfield code="d">OCLCQ</subfield></datafield><datafield ind1="0" ind2="4" tag="245"><subfield code="a">The Aurora daily world.</subfield></datafield><datafield ind1=" " ind2=" " tag="260"><subfield code="a">Aurora, Lawrence County, Mo. :</subfield><subfield code="b">F.S. Mickey</subfield></datafield><datafield ind1=" " ind2=" " tag="300"><subfield code="a">v.</subfield></datafield><datafield ind1=" " ind2=" " tag="310"><subfield code="a">Daily (except Sun.)</subfield></datafield><datafield ind1="1" ind2=" " tag="362"><subfield code="a">Began in 1914? Ceased in 1916?</subfield></datafield><datafield ind1=" " ind2=" " tag="588"><subfield code="a">Description based on: July 6, 1914.</subfield></datafield><datafield ind1=" " ind2="4" tag="651"><subfield code="a">Aurora (Mo.)</subfield><subfield code="v">Newspapers.</subfield></datafield><datafield ind1=" " ind2=" " tag="752"><subfield code="a">United States</subfield><subfield code="b">Missouri</subfield><subfield code="c">Lawrence</subfield><subfield code="d">Aurora.</subfield></datafield></record>